@misc{github-repo,
  author = {Amittai Siavava},
  title = {Game Theory; Associated Code},
  year = {2023},
  publisher = {GitHub},
  journal = {GitHub repository},
  howpublished = {\url{https://github.com/siavava/game-theory/blob/main/assignments/03/optimize.ipynb}},
  commit = {4f57d6a0e4c030202a07a60bc1bb1ed1544bf679}
}
